<?xml version="1.0" encoding="UTF-8"?>
<record>
  <leader>     cam0 22        450 </leader>
  <controlfield tag="001">184322707</controlfield>
  <controlfield tag="002">38,67</controlfield>
  <controlfield tag="003">http://www.sudoc.fr/184322707</controlfield>
  <controlfield tag="004">20150317</controlfield>
  <controlfield tag="005">20200308191120.000</controlfield>
  <controlfield tag="006">693882101</controlfield>
  <controlfield tag="007">1999</controlfield>
  <controlfield tag="008">Aax3</controlfield>
  <datafield tag="029" ind1=" " ind2=" ">
    <subfield code="a">FR</subfield>
    <subfield code="b">2014LYO1V117</subfield>
  </datafield>
  <datafield tag="035" ind1=" " ind2=" ">
    <subfield code="a">(OCoLC)904971209</subfield>
  </datafield>
  <datafield tag="100" ind1=" " ind2=" ">
    <subfield code="a">20150317d2014    k  y0frey50      ba</subfield>
  </datafield>
  <datafield tag="101" ind1="0" ind2=" ">
    <subfield code="a">fre</subfield>
    <subfield code="d">fre</subfield>
  </datafield>
  <datafield tag="102" ind1=" " ind2=" ">
    <subfield code="a">FR</subfield>
  </datafield>
  <datafield tag="105" ind1=" " ind2=" ">
    <subfield code="a">a   ma  000yy</subfield>
  </datafield>
  <datafield tag="106" ind1=" " ind2=" ">
    <subfield code="a">r</subfield>
  </datafield>
  <datafield tag="181" ind1=" " ind2=" ">
    <subfield code="6">z01</subfield>
    <subfield code="c">txt</subfield>
    <subfield code="2">rdacontent</subfield>
  </datafield>
  <datafield tag="181" ind1=" " ind2="1">
    <subfield code="6">z01</subfield>
    <subfield code="a">i#</subfield>
    <subfield code="b">xxxe##</subfield>
  </datafield>
  <datafield tag="182" ind1=" " ind2=" ">
    <subfield code="6">z01</subfield>
    <subfield code="c">n</subfield>
    <subfield code="2">rdamedia</subfield>
  </datafield>
  <datafield tag="182" ind1=" " ind2="1">
    <subfield code="6">z01</subfield>
    <subfield code="a">n</subfield>
  </datafield>
  <datafield tag="200" ind1="1" ind2=" ">
    <subfield code="a">État des lieux des pathologies présentes dans les élevages de bisons en France et proposition de mesures de gestion</subfield>
    <subfield code="f">Marduel Clément</subfield>
    <subfield code="g">sous la direction de Gilles Bourgoin</subfield>
  </datafield>
  <datafield tag="210" ind1=" " ind2=" ">
    <subfield code="a">[S.l.]</subfield>
    <subfield code="c">[s.n.]</subfield>
    <subfield code="d">2014</subfield>
  </datafield>
  <datafield tag="215" ind1=" " ind2=" ">
    <subfield code="a">1 vol. (146 p.)</subfield>
    <subfield code="c">ill.</subfield>
    <subfield code="d">30 cm</subfield>
  </datafield>
  <datafield tag="320" ind1=" " ind2=" ">
    <subfield code="a">Bibliogr. p. 131-137</subfield>
  </datafield>
  <datafield tag="328" ind1=" " ind2="0">
    <subfield code="b">Thèse d&apos;exercice</subfield>
    <subfield code="c">Médecine Vétérinaire</subfield>
    <subfield code="e">Lyon 1</subfield>
    <subfield code="d">2014</subfield>
  </datafield>
  <datafield tag="330" ind1=" " ind2=" ">
    <subfield code="a">Le bison américain (Bison bison) est une espèce de bovidé historiquement implantée en Amérique du Nord. Son histoire profondément ancrée dans la culture américaine et ses caractéristiques morphologiques, éthologiques et physiologiques en font un animal d&apos;élevage très particulier. Depuis près d&apos;un siècle, cette espèce est élevée en Amérique du Nord pour sa viande. L&apos;élevage de bisons américains en France est par contre une filière encore récente mais avec un grand potentiel de développement, en partie lié à l&apos;attrait touristique de cette production. Ce travail, à la demande d&apos;éleveurs de bison français, vise à établir une monographie des maladies auxquelles les bisons sont sensibles et à explorer les pratiques d&apos;élevage menant à une bonne gestion de l&apos;état sanitaire du troupeau. Les pathologies auxquelles le bison est sujet sont pour la plupart communes avec les bovins domestiques, mais certaines spécificités de l&apos;espèce doivent être prises en compte dans l&apos;approche médicale d&apos;un troupeau. Les maladies infectieuses classiques de l&apos;élevage de bovins allaitant (coryza gangreneux, tuberculose, FCO, BVD, etc.) sont ainsi courantes chez le bison. Les conséquences cliniques des parasitoses sont encore mal connues, mais il ne fait pas de doute qu&apos;une mauvaise gestion du parasitisme s&apos;accompagne de grèves de rendements du point de vue de la production carnée. Enfin le bison est très sensible au stress, il convient donc de toujours rester prudent dans la manipulation du troupeau ou d&apos;individus afin d&apos;éviter les accidents</subfield>
  </datafield>
  <datafield tag="541" ind1="|" ind2=" ">
    <subfield code="a">Situation of bison&apos;s pathologies in French farms and management measures</subfield>
    <subfield code="z">eng</subfield>
  </datafield>
  <datafield tag="606" ind1=" " ind2=" ">
    <subfield code="3">027807592</subfield>
    <subfield code="a">Bison d&apos;Amérique</subfield>
    <subfield code="3">027225216</subfield>
    <subfield code="x">Élevage</subfield>
    <subfield code="2">rameau</subfield>
  </datafield>
  <datafield tag="606" ind1=" " ind2=" ">
    <subfield code="3">027830853</subfield>
    <subfield code="a">Bovidés</subfield>
    <subfield code="3">027578151</subfield>
    <subfield code="x">Maladies</subfield>
    <subfield code="2">rameau</subfield>
  </datafield>
  <datafield tag="606" ind1=" " ind2=" ">
    <subfield code="3">027807592</subfield>
    <subfield code="a">Bison d&apos;Amérique</subfield>
    <subfield code="3">027245675</subfield>
    <subfield code="x">Parasites</subfield>
    <subfield code="2">rameau</subfield>
  </datafield>
  <datafield tag="608" ind1=" " ind2=" ">
    <subfield code="3">027253139</subfield>
    <subfield code="a">Thèses et écrits académiques</subfield>
    <subfield code="2">rameau</subfield>
  </datafield>
  <datafield tag="700" ind1=" " ind2="1">
    <subfield code="3">184322685</subfield>
    <subfield code="a">Marduel</subfield>
    <subfield code="b">Clément</subfield>
    <subfield code="f">1988-....</subfield>
    <subfield code="4">070</subfield>
  </datafield>
  <datafield tag="701" ind1=" " ind2="1">
    <subfield code="3">086739379</subfield>
    <subfield code="a">Bourgoin</subfield>
    <subfield code="b">Gilles</subfield>
    <subfield code="f">1979-....</subfield>
    <subfield code="4">727</subfield>
  </datafield>
  <datafield tag="711" ind1="0" ind2="2">
    <subfield code="3">026402823</subfield>
    <subfield code="a">Université Claude Bernard</subfield>
    <subfield code="c">Lyon</subfield>
    <subfield code="4">295</subfield>
  </datafield>
  <datafield tag="711" ind1="0" ind2="2">
    <subfield code="3">156395703</subfield>
    <subfield code="a">VetAgro Sup</subfield>
    <subfield code="4">295</subfield>
  </datafield>
  <datafield tag="801" ind1=" " ind2="3">
    <subfield code="a">FR</subfield>
    <subfield code="b">Abes</subfield>
    <subfield code="c">20200308</subfield>
    <subfield code="g">AFNOR</subfield>
  </datafield>
  <datafield tag="830" ind1=" " ind2=" ">
    <subfield code="a">Réforme Rameau Genre-Forme retro thèses (ne pas supprimer)</subfield>
  </datafield>
  <datafield tag="930" ind1=" " ind2=" ">
    <subfield code="5">693882101:524264910</subfield>
    <subfield code="b">693882101</subfield>
    <subfield code="a">137239/2015/117</subfield>
    <subfield code="j">u</subfield>
  </datafield>
  <datafield tag="940" ind1=" " ind2=" ">
    <subfield code="5">693882101:524264910</subfield>
    <subfield code="a">20150317</subfield>
    <subfield code="b">x</subfield>
  </datafield>
  <datafield tag="941" ind1=" " ind2=" ">
    <subfield code="5">693882101:524264910</subfield>
    <subfield code="a">20150317</subfield>
    <subfield code="b">08:09:00.000</subfield>
  </datafield>
  <datafield tag="930" ind1=" " ind2=" ">
    <subfield code="5">315552301:524274754</subfield>
    <subfield code="b">315552301</subfield>
    <subfield code="a">L-2014-117</subfield>
    <subfield code="j">g</subfield>
  </datafield>
  <datafield tag="940" ind1=" " ind2=" ">
    <subfield code="5">315552301:524274754</subfield>
    <subfield code="a">20150317</subfield>
    <subfield code="b">x</subfield>
  </datafield>
  <datafield tag="941" ind1=" " ind2=" ">
    <subfield code="5">315552301:524274754</subfield>
    <subfield code="a">20150317</subfield>
    <subfield code="b">10:17:41.000</subfield>
  </datafield>
</record>
